%% This BibTeX bibliography file was created using BibDesk.
%% https://bibdesk.sourceforge.io/

%% Created for 袁霆君 at 2025-04-07 19:52:57 +0200 


%% Saved with string encoding Unicode (UTF-8) 



@misc{keras_tutorial,
	author = {fchollet},
	url = {https://keras.io/tutorials/},
	lastchecked = {April 2025},
	title = {Image classification from scratch},
	year = {2023},
	month = {September},
}

@inproceedings{KhoslaYaoJayadevaprakashFeiFei_FGVC2011,
	address = {Colorado Springs, CO},
	author = {Aditya Khosla and Nityananda Jayadevaprakash and Bangpeng Yao and Li Fei-Fei},
	booktitle = {First Workshop on Fine-Grained Visual Categorization, IEEE Conference on Computer Vision and Pattern Recognition},
	month = {June},
	title = {Novel Dataset for Fine-Grained Image Categorization},
	year = {2011}}

@misc{barron2017continuouslydifferentiableexponentiallinear,
      title={Continuously Differentiable Exponential Linear Units}, 
      author={Jonathan T. Barron},
      year={2017},
      eprint={1704.07483},
      archivePrefix={arXiv},
      primaryClass={cs.LG},
      url={https://arxiv.org/abs/1704.07483}, 
}

@misc{klambauer2017selfnormalizingneuralnetworks,
      title={Self-Normalizing Neural Networks}, 
      author={Günter Klambauer and Thomas Unterthiner and Andreas Mayr and Sepp Hochreiter},
      year={2017},
      eprint={1706.02515},
      archivePrefix={arXiv},
      primaryClass={cs.LG},
      url={https://arxiv.org/abs/1706.02515}, 
}